%%%%%%%%%%%%%%%%%%%%%^%%%%
% dissertation bibliography
%%%%%%%%%%%%%%%%%%%%%^%%%%

@article{paukerThresholdApproachClinical1980,
  title={The Threshold Approach to Clinical Decision Making},
  author={Pauker, Stephen G. and Kassirer, Jerome P.},
  date = {1980-05-15},
  year = {1980},
  journal = {New England Journal of Medicine},
  shortjournal = {N Engl J Med},
  volume = {302},
  number = {20},
  pages = {1109--1117},
  publisher = {Massachusetts Medical Society},
  issn = {0028-4793},
  doi = {10.1056/NEJM198005153022003},
  url = {https://www.nejm.org/doi/10.1056/NEJM198005153022003},
  urldate = {2023-03-22},
  file = {/Users/vsocrates/Documents/Yale/research-vault/Research/_Meta/References/Zotero/storage/5B3LSFLN/Pauker and Kassirer - 1980 - The Threshold Approach to Clinical Decision Making.pdf}
}


@incollection{patel1991general,
  title = {The General and Specific Nature of Medical Expertise: {{A}} Critical Look},
  shorttitle = {The General and Specific Nature of Medical Expertise},
  booktitle = {Toward a General Theory of Expertise:  {{Prospects}} and Limits},
  author = {Patel, Vimla L. and Groen, Guy J.},
  date = {1991},
  year = {1991},
  pages = {93--125},
  publisher = {Cambridge University Press},
  location = {New York, NY, US},
  isbn = {978-0-521-40470-9 978-0-521-40612-3},
  keywords = {Experience Level,Medical Diagnosis,Medical Sciences,Memory,Problem Solving,Reasoning}
}



@article{patelEmergingParadigmsCognition2002,
  title = {Emerging Paradigms of Cognition in Medical Decision-Making},
  author = {Patel, Vimla L and Kaufman, David R and Arocha, Jose F},
  date = {2002-02-01},
  year = {2002},
  journal = {Journal of Biomedical Informatics},
  shortjournal = {Journal of Biomedical Informatics},
  volume = {35},
  number = {1},
  pages = {52--75},
  issn = {1532-0464},
  doi = {10.1016/S1532-0464(02)00009-6},
  url = {https://www.sciencedirect.com/science/article/pii/S1532046402000096},
  urldate = {2024-08-13},
  keywords = {Biases,Cognition,Conceptual knowledge,Diagnostic reasoning,Distributed cognition,Heuristics,important,Medical decision-making,Naturalistic problem solving,Research paradigms,thesis},
}


@article{harrisLargeLanguageModels2023,
  title = {Large {{Language Models Answer Medical Questions Accurately}}, but {{Can}}’t {{Match Clinicians}}’ {{Knowledge}}},
  author = {Harris, Emily},
  date = {2023-09-05},
  year = {2023-09-05},
  journal = {JAMA},
  shortjournal = {JAMA},
  volume = {330},
  number = {9},
  pages = {792--794},
  issn = {0098-7484},
  doi = {10.1001/jama.2023.14311},
  url = {https://doi.org/10.1001/jama.2023.14311},
  urldate = {2024-08-20},
}


@article{ledley1959reasoning,
  title={Reasoning foundations of medical diagnosis: symbolic logic, probability, and value theory aid our understanding of how physicians reason},
  author={Ledley, Robert S and Lusted, Lee B},
  journal={Science},
  volume={130},
  number={3366},
  pages={9--21},
  year={1959},
  publisher={American Association for the Advancement of Science}
}

@book{elstein1978medical,
  title={Medical problem solving: An analysis of clinical reasoning},
  author={Elstein, Arthur S and Shulman, Lee S and Sprafka, Sarah A},
  year={1978},
  date={1978-01-01},
  publisher={Harvard University Press}
}


@article{patelKnowledgeBasedSolution1986,
  title = {Knowledge Based Solution Strategies in Medical Reasoning},
  author = {Patel, Vimla L. and Groen, Guy J.},
  date = {1986-01-01},
  year = {1986},
  journal = {Cognitive Science},
  shortjournal = {Cognitive Science},
  volume = {10},
  number = {1},
  pages = {91--116},
  issn = {0364-0213},
  doi = {10.1016/S0364-0213(86)80010-6},
  urldate = {2024-08-27},
}


@article{simonHumanProblemSolving1971,
	title        = {Human Problem Solving: The State of the Theory in 1970},
    author       = {Simon, Herbert A. and Newell, Allen},
	shorttitle   = {Human Problem Solving},
	location     = {US},
	publisher    = {American Psychological Association},
	volume       = 26,
	number       = 2,
	pages        = {145--159},
	doi          = {10.1037/h0030806},
	issn         = {1935-990X},
	date         = {1971-02-01},
    year         = {1971},
	journal = {American Psychologist},
	keywords     = {Cognition,Information,Literature Review,Problem Solving,Thinking}
}

@article{dawsonSystematicErrorsMedical1987,
  title = {Systematic Errors in Medical Decision Making:},
  shorttitle = {Systematic Errors in Medical Decision Making},
  author = {Dawson, Neal V. and Arkes, Hal R.},
  date = {1987-05-01},
  year = {1987},
  journal = {Journal of General Internal Medicine},
  shortjournal = {J Gen Intern Med},
  volume = {2},
  number = {3},
  pages = {183--187},
  issn = {1525-1497},
  doi = {10.1007/BF02596149},
  url = {https://doi.org/10.1007/BF02596149},
  urldate = {2024-08-27},
  langid = {english},
  keywords = {cognitive bias,decision making},
}


@incollection{eddyProbabilisticReasoningClinical1982,
  title = {Probabilistic Reasoning in Clinical Medicine: {{Problems}} and Opportunities},
  shorttitle = {Probabilistic Reasoning in Clinical Medicine},
  booktitle = {Judgment under {{Uncertainty}}: {{Heuristics}} and {{Biases}}},
  author = {Eddy, David M.},
  editor = {Tversky, Amos and Kahneman, Daniel and Slovic, Paul},
  date = {1982},
  year = {1982},
  pages = {249--267},
  publisher = {Cambridge University Press},
  location = {Cambridge},
  doi = {10.1017/CBO9780511809477.019},
  url = {https://www.cambridge.org/core/books/judgment-under-uncertainty/probabilistic-reasoning-in-clinical-medicine-problems-and-opportunities/661E12D1ECD669EDB5B410407A4BB570},
  urldate = {2024-08-27},
}

@article{tverskyJudgmentUncertaintyHeuristics1974,
  title = {Judgment under {{Uncertainty}}: {{Heuristics}} and {{Biases}}},
  shorttitle = {Judgment under {{Uncertainty}}},
  author = {Tversky, Amos and Kahneman, Daniel},
  date = {1974-09-27},
  year = {1974},
  journal = {Science},
  volume = {185},
  number = {4157},
  pages = {1124--1131},
  publisher = {American Association for the Advancement of Science},
  doi = {10.1126/science.185.4157.1124},
  url = {https://www.science.org/doi/abs/10.1126/science.185.4157.1124},
  urldate = {2024-08-27},
}



@article{arkesHindsightBiasPhysicians1981,
  title = {Hindsight Bias among Physicians Weighing the Likelihood of Diagnoses},
  author = {Arkes, Hal R. and Wortmann, Robert L. and Saville, Paul D. and Harkness, Allan R.},
  date = {1981},
  year = {1981},
  journal = {Journal of Applied Psychology},
  volume = {66},
  number = {2},
  pages = {252--254},
  publisher = {American Psychological Association},
  location = {US},
  issn = {1939-1854},
  doi = {10.1037/0021-9010.66.2.252},
  keywords = {bias,Knowledge Level,Medical Diagnosis,Physicians,Response Bias},
  file = {/Users/vsocrates/Documents/Yale/research-vault/Research/_Meta/References/Zotero/storage/276CB4HD/1981-23945-001.html}
}

@article{friedlanderAnchoringPublicityEffects1983,
  title = {Anchoring and Publicity Effects in Clinical Judgment},
  author = {Friedlander, M. L. and Stockman, S. J.},
  date = {1983-07},
  year = {1983},
  journal = {Journal of Clinical Psychology},
  shortjournal = {J Clin Psychol},
  volume = {39},
  number = {4},
  eprint = {6875008},
  eprinttype = {pmid},
  pages = {637--643},
  issn = {0021-9762},
  doi = {10.1002/1097-4679(198307)39:4<637::aid-jclp2270390433>3.0.co;2-q},
  langid = {english},
  keywords = {Adult,Female,Humans,Interview Psychological,Male,Mental Disorders,Professional-Patient Relations,Prognosis}
}


@article{klaymanDebiasEnvironmentInstead1993,
  title = {Debias the Environment Instead of the Judge: {{An}} Alternative Approach to Reducing Error in Diagnostic (and Other) Judgment},
  shorttitle = {Debias the Environment Instead of the Judge},
  author = {Klayman, Joshua and Brown, Kaye},
  date = {1993},
  year = {1993},
  journal = {Cognition},
  volume = {49},
  number = {1-2},
  pages = {97--122},
  publisher = {Elsevier Science},
  location = {Netherlands},
  issn = {1873-7838},
  doi = {10.1016/0010-0277(93)90037-V},
  keywords = {Diagnosis,Judgment,Stimulus Presentation Methods},
  file = {/Users/vsocrates/Documents/Yale/research-vault/Research/_Meta/References/Zotero/storage/QV7KR4IZ/1994-28284-001.html}
}



@article{mcneilElicitationPreferencesAlternative1982,
  title = {On the Elicitation of Preferences for Alternative Therapies},
  author = {McNeil, B. J. and Pauker, S. G. and Sox, H. C. and Tversky, A.},
  date = {1982-05-27},
  year = {1982},
  journal = {The New England Journal of Medicine},
  shortjournal = {N Engl J Med},
  volume = {306},
  number = {21},
  eprint = {7070445},
  eprinttype = {pmid},
  pages = {1259--1262},
  issn = {0028-4793},
  doi = {10.1056/NEJM198205273062103},
  langid = {english},
  keywords = {Adult,Aged,Choice Behavior,Decision Making,Humans,Life Expectancy,Lung Neoplasms,Male,Middle Aged,Outcome and Process Assessment Health Care,Patient Participation,Probability,Therapeutics}
}



@incollection{camererProcessperformanceParadoxExpert1991,
  title = {The Process-Performance Paradox in Expert Judgment: {{How}} Can Experts Know so Much and Predict so Badly?},
  shorttitle = {The Process-Performance Paradox in Expert Judgment},
  booktitle = {Toward a General Theory of Expertise:  {{Prospects}} and Limits},
  author = {Camerer, Colin F. and Johnson, Eric J.},
  date = {1991},
  year = {1991},
  pages = {195--217},
  publisher = {Cambridge University Press},
  location = {New York, NY, US},
  isbn = {978-0-521-40470-9 978-0-521-40612-3},
  keywords = {Decision Making,Experience Level,Expert Systems,Judgment,Performance,Prediction},
  file = {/Users/vsocrates/Documents/Yale/research-vault/Research/_Meta/References/Zotero/storage/5KEA9IQ7/1991-98902-008.html}
}


@article{organizationStudyMedicalDiagnostic1970,
  title = {A Study of the Medical Diagnostic Process: Method and Preliminary Findings},
  shorttitle = {A Study of the Medical Diagnostic Process},
  author = {Organization, Pan American Health and Elstein, Arthur S. and Jason, Hilliard},
  date = {1970},
  year = {1970},
  url = {https://iris.paho.org/handle/10665.2/47452},
  urldate = {2024-10-02},
  journal = {Meeting of the Advisory Committee on Medical Research},
  langid = {english},
  annotation = {Accepted: 2018},
}


@article{elsteinThinkingDiagnosticThinking2009,
  title = {Thinking about Diagnostic Thinking: A 30-Year Perspective},
  shorttitle = {Thinking about Diagnostic Thinking},
  author = {Elstein, Arthur S.},
  date = {2009-09},
  year = {2009},
  journal = {Advances in Health Sciences Education: Theory and Practice},
  shortjournal = {Adv Health Sci Educ Theory Pract},
  volume = {14 Suppl 1},
  eprint = {19669916},
  eprinttype = {pmid},
  pages = {7--18},
  issn = {1573-1677},
  doi = {10.1007/s10459-009-9184-0},
  langid = {english},
  keywords = {Algorithms,Cognition,Diagnostic Errors,Evidence-Based Medicine,Feedback,Guidelines as Topic,Humans,Judgment,Problem Solving}
}


@article{groenMedicalProblemsolvingQuestionable1985,
  title = {Medical Problem-Solving: Some Questionable Assumptions},
  shorttitle = {Medical Problem-Solving},
  author = {Groen, G. J. and Patel, V. L.},
  date = {1985-03},
  year = {1985},
  journal = {Medical Education},
  shortjournal = {Med Educ},
  volume = {19},
  number = {2},
  eprint = {3982318},
  eprinttype = {pmid},
  pages = {95--100},
  issn = {0308-0110},
  doi = {10.1111/j.1365-2923.1985.tb01148.x},
  langid = {english},
  keywords = {Cognition,Education Medical,Humans,Models Psychological,Physicians,Problem Solving}
}


@article{schmidtCognitivePerspectiveMedical1990,
  title = {A Cognitive Perspective on Medical Expertise: Theory and Implication},
  shorttitle = {A Cognitive Perspective on Medical Expertise},
  author = {Schmidt, H. G. and Norman, G. R. and Boshuizen, H. P.},
  date = {1990-10},
  year = {1990},
  journal = {Academic Medicine: Journal of the Association of American Medical Colleges},
  shortjournal = {Acad Med},
  volume = {65},
  number = {10},
  eprint = {2261032},
  eprinttype = {pmid},
  pages = {611--621},
  issn = {1040-2446},
  doi = {10.1097/00001888-199010000-00001},
  langid = {english},
  keywords = {Clinical Competence,Clinical Protocols,Diagnosis,Diagnostic Errors,Humans,Memory,Mental Processes,Physicians,Problem Solving,Quality of Health Care,Students Medical,Teaching}
}


@article{brooksRoleSpecificSimilarity1991,
  title = {Role of {{Specific Similarity}} in a {{Medical Diagnostic Task}}},
  author = {Brooks, Lee and Norman, Geoffrey and Allen, Scott},
  date = {1991-10-01},
  year = {1991}, 
  journal = {Journal of experimental psychology. General},
  shortjournal = {Journal of experimental psychology. General},
  volume = {120},
  pages = {278--87},
  doi = {10.1037//0096-3445.120.3.278},
}

@article{evaExploringEtiologyContent1998,
  title = {Exploring the {{Etiology}} of {{Content Specificity}}: {{Factors Influencing Analogic Transfer}} and {{Problem Solving}}},
  shorttitle = {Exploring the {{Etiology}} of {{Content Specificity}}},
  author = {Eva, Kevin W. and Neville, Alan J. and Norman, Geoffrey R.},
  date = {1998-10},
  year = {1998},
  journal = {Academic Medicine},
  volume = {73},
  number = {10},
  pages = {S1},
  issn = {1040-2446},
  url = {https://journals.lww.com/academicmedicine/citation/1998/10000/Exploring_the_Etiology_of_Content_Specificity_.28.aspx},
  urldate = {2024-10-02},
  abstract = {An abstract is unavailable. This article is available as a PDF only.},
  langid = {american},
}


@article{bordageSemanticStructuresDiagnostic1991,
  title = {Semantic Structures and Diagnostic Thinking of Experts and Novices},
  author = {Bordage, G. and Lemieux, M.},
  date = {1991-09},
  year = {1991},
  journal = {Academic Medicine: Journal of the Association of American Medical Colleges},
  shortjournal = {Acad Med},
  volume = {66},
  eprint = {1930535},
  eprinttype = {pmid},
  pages = {S70-72},
  issn = {1040-2446},
  doi = {10.1097/00001888-199109000-00045},
  issue = {9 Suppl},
  langid = {english},
  keywords = {Clinical Competence,Clinical Protocols,Cognition,Diagnosis,Physicians,Psychological Theory,Semantics,Students Medical,Thinking}
}


@article{patelMedicalExpertiseFunction1990,
  title = {Medical Expertise as a Function of Task Difficulty},
  author = {Patel, V. L. and Groen, G. J. and Arocha, J. F.},
  date = {1990-07},
  year = {1990},
  journal = {Memory \& Cognition},
  shortjournal = {Mem Cognit},
  volume = {18},
  number = {4},
  eprint = {2381318},
  eprinttype = {pmid},
  pages = {394--406},
  issn = {0090-502X},
  doi = {10.3758/bf03197128},
  langid = {english},
  keywords = {Attention,Clinical Competence,Diagnosis Differential,Humans,Medicine,Memory,Mental Recall,Problem Solving,Specialization}
}


@article{evaHeuristicsBiasesBiased2005,
  title = {Heuristics and Biases- a Biased Perspective on Clinical Reasoning.},
  author = {Eva, Kevin W. and Norman, Geoffrey R.},
  year = {2005},
  date = {2005},
  journal = {Medical education},
  volume = {39},
  number = {9},
  urldate = {2024-10-02}
}


@article{shiffrinControlledAutomaticHuman1977,
  title = {Controlled and Automatic Human Information Processing: {{II}}. {{Perceptual}} Learning, Automatic Attending and a General Theory},
  shorttitle = {Controlled and Automatic Human Information Processing},
  author = {Shiffrin, Richard M. and Schneider, Walter},
  date = {1977},
  year = {1977},
  journal = {Psychological Review},
  volume = {84},
  number = {2},
  pages = {127--190},
  publisher = {American Psychological Association},
  location = {US},
  issn = {1939-1471},
  doi = {10.1037/0033-295X.84.2.127},
  keywords = {Attention,Classification (Cognitive Process),Cognitive Processes,Practice,Theories,Visual Discrimination}
}


@article{epsteinIntegrationCognitivePsychodynamic1994,
  title = {Integration of the Cognitive and the Psychodynamic Unconscious},
  author = {Epstein, S.},
  date = {1994-08},
  year = {1994},
  journal = {The American Psychologist},
  shortjournal = {Am Psychol},
  volume = {49},
  number = {8},
  eprint = {8092614},
  eprinttype = {pmid},
  pages = {709--724},
  issn = {0003-066X},
  doi = {10.1037//0003-066x.49.8.709},
  langid = {english},
  keywords = {Cognition,Ego,Emotions,Humans,Models Psychological,Unconscious Psychology}
}

@book{hammondHumanJudgementSocial1996,
  title = {Human Judgement and Social Policy:  {{Irreducible}} Uncertainty, Inevitable Error, Unavoidable Injustice},
  shorttitle = {Human Judgement and Social Policy},
  author = {Hammond, Kenneth R.},
  date = {1996},
  year = {1996},
  series = {Human Judgement and Social Policy:  {{Irreducible}} Uncertainty, Inevitable Error, Unavoidable Injustice},
  pages = {xi, 436},
  publisher = {Oxford University Press},
  location = {New York, NY, US},
  isbn = {978-0-19-509734-4},
  pagetotal = {xi, 436},
  keywords = {Decision Making,Errors,Government Policy Making,Judgment,Justice,Uncertainty},
  file = {/Users/vsocrates/Documents/Yale/research-vault/Research/_Meta/References/Zotero/storage/QCAH23AM/1996-98949-000.html}
}


@article{kahneman2011thinking,
  title={Thinking, fast and slow},
  author={Kahneman, Daniel},
  journal={Farrar, Straus and Giroux},
  year={2011}
}




@book{blois1984information,
  title = {Information and {{Medicine}}: {{The Nature}} of {{Medical Descriptions}}},
  shorttitle = {Information and {{Medicine}}},
  author = {Blois, Marsden S.},
  date = {1984},
  year = {1984},
  eprint = {4wVmQgAACAAJ},
  eprinttype = {googlebooks},
  publisher = {University of California Press},
  isbn = {978-0-520-04988-8},
  langid = {english},
  pagetotal = {298},
  keywords = {Medical / General}
}


@book{huninkDecisionMakingHealth2014,
  title = {Decision {{Making}} in {{Health}} and {{Medicine}}: {{Integrating Evidence}} and {{Values}}},
  shorttitle = {Decision {{Making}} in {{Health}} and {{Medicine}}},
  author = {Hunink, M. G. Myriam and Weinstein, Milton C. and Wittenberg, Eve and Drummond, Michael F. and Pliskin, Joseph S. and Wong, John B. and Glasziou, Paul P.},
  date = {2014},
  year = {2014},
  edition = {2},
  publisher = {Cambridge University Press},
  location = {Cambridge},
  doi = {10.1017/CBO9781139506779},
  url = {https://www.cambridge.org/core/books/decision-making-in-health-and-medicine/31FD197195DAE2A6321409568BEFA2DD},
  urldate = {2024-10-02},
  isbn = {978-1-107-69047-9},
}

@book{soxMedicalDecisionMaking2013,
  title = {Medical {{Decision Making}}},
  author = {Sox, Harold C. and Higgins, Michael C. and Owens, Douglas K.},
  date = {2013-05-08},
  year = {2013},
  eprint = {CMiAPicvPE0C},
  eprinttype = {googlebooks},
  publisher = {John Wiley \& Sons},
  isbn = {978-1-118-34156-8},
  langid = {english},
  pagetotal = {330},
  keywords = {Medical / Clinical Medicine,Medical / General}
}


@article{tverskyFramingDecisionsPsychology1981,
  title = {The Framing of Decisions and the Psychology of Choice},
  author = {Tversky, Amos and Kahneman, Daniel},
  date = {1981},
  year = {1981},
  journal = {Science},
  volume = {211},
  number = {4481},
  pages = {453--458},
  publisher = {American Assn for the Advancement of Science},
  location = {US},
  issn = {1095-9203},
  doi = {10.1126/science.7455683},
  keywords = {Choice Behavior,Decision Making,Risk Taking},
  file = {/Users/vsocrates/Documents/Yale/research-vault/Research/_Meta/References/Zotero/storage/PEFVW6H3/1981-31998-001.html}
}


@article{croskerryImportanceCognitiveErrors2003,
  title = {The Importance of Cognitive Errors in Diagnosis and Strategies to Minimize Them},
  author = {Croskerry, Pat},
  date = {2003-08},
  year = {2003},
  journal = {Academic Medicine: Journal of the Association of American Medical Colleges},
  shortjournal = {Acad Med},
  volume = {78},
  number = {8},
  eprint = {12915363},
  eprinttype = {pmid},
  pages = {775--780},
  issn = {1040-2446},
  doi = {10.1097/00001888-200308000-00003},
  langid = {english},
  keywords = {Cognition,Decision Support Techniques,Diagnostic Errors,Humans}
}

@book{hogarthEducatingIntuition2010,
  title = {Educating {{Intuition}}},
  author = {Hogarth, Robin M.},
  date = {2010-10},
  year = {2010},
  publisher = {University of Chicago Press},
  location = {Chicago, IL},
  url = {https://press.uchicago.edu/ucp/books/book/chicago/E/bo3624460.html},
  urldate = {2024-10-02},
  isbn = {978-0-226-34862-9},
  langid = {english},
  pagetotal = {352},
  file = {/Users/vsocrates/Documents/Yale/research-vault/Research/_Meta/References/Zotero/storage/AHGDSCVA/bo3624460.html}
}

@article{kahnemanPerspectiveJudgmentChoice2003,
  title = {A Perspective on Judgment and Choice: {{Mapping}} Bounded Rationality},
  shorttitle = {A Perspective on Judgment and Choice},
  author = {Kahneman, Daniel},
  date = {2003},
  year = {2003},
  journal = {American Psychologist},
  volume = {58},
  number = {9},
  pages = {697--720},
  publisher = {American Psychological Association},
  location = {US},
  issn = {1935-990X},
  doi = {10.1037/0003-066X.58.9.697},
  keywords = {Choice Behavior,Decision Making,Intuition,Judgment,Rationality,Reasoning},
  file = {/Users/vsocrates/Documents/Yale/research-vault/Research/_Meta/References/Zotero/storage/CPCPF4WN/2003-08746-001.html}
}


@article{croskerryUniversalModelDiagnostic2009,
  title = {A Universal Model of Diagnostic Reasoning},
  author = {Croskerry, Pat},
  date = {2009-08},
  year = {2009},
  journal = {Academic Medicine: Journal of the Association of American Medical Colleges},
  shortjournal = {Acad Med},
  volume = {84},
  number = {8},
  eprint = {19638766},
  eprinttype = {pmid},
  pages = {1022--1028},
  issn = {1938-808X},
  doi = {10.1097/ACM.0b013e3181ace703},
  langid = {english},
  keywords = {Clinical Competence,Decision Making,Diagnosis Differential,Humans,Judgment,Models Theoretical,Physicians,Problem Solving}
}


@article{croskerryCriticalThinkingReasoning,
  title = {Critical {{Thinking}} and {{Reasoning}} in {{Emergency Medicine}}},
  author = {Croskerry, Pat},
  langid = {english},
  journal={Patient safety in emergency medicine. Philadelphia (PA): Lippincott Williams \& Wilkins},
  pages={213{\'A}8},
  year={2008}
}

@article{moultonSlowingWhenYou2007,
  title = {Slowing down When You Should: A New Model of Expert Judgment},
  shorttitle = {Slowing down When You Should},
  author = {Moulton, Carol-anne E. and Regehr, Glenn and Mylopoulos, Maria and MacRae, Helen M.},
  date = {2007-10},
  year = {2007},
  journal = {Academic Medicine: Journal of the Association of American Medical Colleges},
  shortjournal = {Acad Med},
  volume = {82},
  eprint = {17895673},
  eprinttype = {pmid},
  pages = {S109-116},
  issn = {1040-2446},
  doi = {10.1097/ACM.0b013e3181405a76},
  issue = {10 Suppl},
  langid = {english},
  keywords = {Clinical Competence,Humans,Internship and Residency,Judgment,Models Educational,Teaching}
}


@inproceedings{clanceyNEOMYCINReconfiguringRulebased1981,
  title = {{{NEOMYCIN}}: Reconfiguring a Rule-Based Expert System for Application to Teaching},
  shorttitle = {{{NEOMYCIN}}},
  booktitle = {Proceedings of the 7th International Joint Conference on {{Artificial}} Intelligence - {{Volume}} 2},
  author = {Clancey, William J. and Letsinger, Reed},
  date = {1981-08-24},
  year = {1981},
  series = {{{IJCAI}}'81},
  pages = {829--836},
  publisher = {Morgan Kaufmann Publishers Inc.},
  location = {San Francisco, CA, USA},
}

@article{gronchiDualprocessTheoriesThought2024,
  title = {Dual-Process Theories of Thought as Potential Architectures for Developing Neuro-Symbolic {{AI}} Models},
  author = {Gronchi, Giorgio and Perini, Axel},
  date = {2024-03-05},
  year = {2024},
  journal = {Frontiers in Cognition},
  shortjournal = {Front. Cognit.},
  volume = {3},
  publisher = {Frontiers},
  issn = {2813-4532},
  doi = {10.3389/fcogn.2024.1356941},
  url = {https://www.frontiersin.org/journals/cognition/articles/10.3389/fcogn.2024.1356941/full},
  urldate = {2024-10-02},
  langid = {english},
  keywords = {Chat-GPT,Dual-process theory of thought,Large language models,Neuro-symbolic AI,Subsymbolic modeling,symbolic modeling},
  file = {/Users/vsocrates/Documents/Yale/research-vault/Research/_Meta/References/Zotero/storage/MIRFWLMV/Gronchi and Perini - 2024 - Dual-process theories of thought as potential architectures for developing neuro-symbolic AI models.pdf}
}

@article{binz2023using,
  title = {Using Cognitive Psychology to Understand {{GPT-3}}},
  author = {Binz, Marcel and Schulz, Eric},
  date = {2023},
  year = {2023},
  journal = {Proceedings of the National Academy of Sciences},
  volume = {120},
  number = {6},
  pages = {e2218523120},
  publisher = {National Acad Sciences}
}


@article{kanjee2023accuracy,
  title = {Accuracy of a Generative Artificial Intelligence Model in a Complex Diagnostic Challenge},
  author = {Kanjee, Zahir and Crowe, Byron and Rodman, Adam},
  date = {2023},
  year = {2023},
  journal = {JAMA : the journal of the American Medical Association},
  shortjournal = {Jama},
  volume = {330},
  number = {1},
  pages = {78--80},
  publisher = {American Medical Association}
}


@incollection{briggsNormativeTheoriesRational2023,
  title = {Normative {{Theories}} of {{Rational Choice}}: {{Expected Utility}}},
  shorttitle = {Normative {{Theories}} of {{Rational Choice}}},
  booktitle = {The {{Stanford Encyclopedia}} of {{Philosophy}}},
  author = {Briggs, R. A.},
  editor = {Zalta, Edward N. and Nodelman, Uri},
  date = {2023},
  year = {2023},
  publisher = {Metaphysics Research Lab, Stanford University},
  url = {https://plato.stanford.edu/archives/win2023/entries/rationality-normative-utility/},
  urldate = {2024-10-02},
  keywords = {decision theory,decision theory: causal,Pascal’s wager,preferences,probability interpretations of,Ramsey Frank: and intergenerational welfare economics,rational choice normative: rivals to expected utility,risk}
}



@article{maBayesianDecisionModels2019,
  title = {Bayesian {{Decision Models}}: {{A Primer}}},
  shorttitle = {Bayesian {{Decision Models}}},
  author = {Ma, Wei Ji},
  date = {2019-10-09},
  year = {2019},
  journal = {Neuron},
  shortjournal = {Neuron},
  volume = {104},
  number = {1},
  pages = {164--175},
  issn = {0896-6273},
  doi = {10.1016/j.neuron.2019.09.037},
  url = {https://www.sciencedirect.com/science/article/pii/S0896627319308402},
  urldate = {2024-10-02},
}


@article{gigerenzerToolsTheoriesHeuristic1991,
  title = {From Tools to Theories: {{A}} Heuristic of Discovery in Cognitive Psychology},
  shorttitle = {From Tools to Theories},
  author = {Gigerenzer, Gerd},
  date = {1991},
  year = {1991},
  journal = {Psychological Review},
  volume = {98},
  number = {2},
  pages = {254--267},
  publisher = {American Psychological Association},
  location = {US},
  issn = {1939-1471},
  doi = {10.1037/0033-295X.98.2.254},
  keywords = {Cognitive Psychology,Heuristics},
  file = {/Users/vsocrates/Documents/Yale/research-vault/Research/_Meta/References/Zotero/storage/GMQ7BZ7R/1991-23125-001.html}
}


@article{rydzewski2024comparative,
  title = {Comparative Evaluation of {{LLMs}} in Clinical Oncology},
  author = {Rydzewski, Nicholas R and Dinakaran, Deepak and Zhao, Shuang G and Ruppin, Eytan and Turkbey, Baris and Citrin, Deborah E and Patel, Krishnan R},
  date = {2024},
  year = {2024},
  journal = {Nejm Ai},
  volume = {1},
  number = {5},
  pages = {AIoa2300151},
  publisher = {Massachusetts Medical Society}
}


@online{nafarProbabilisticReasoningGenerative2024b,
  title = {Probabilistic {{Reasoning}} in {{Generative Large Language Models}}},
  author = {Nafar, Aliakbar and Venable, Kristen Brent and Kordjamshidi, Parisa},
  date = {2024-06-17},
  year = {2024},
  eprint = {2402.09614},
  eprinttype = {arXiv},
  eprintclass = {cs},
  doi = {10.48550/arXiv.2402.09614},
  url = {http://arxiv.org/abs/2402.09614},
  urldate = {2024-10-02},
  pubstate = {prepublished},
  keywords = {Computer Science - Artificial Intelligence,Computer Science - Computation and Language,I.2.7}
}


@online{nevinZelligHarrisAppreciation,
  title = {Zellig {{S}}. {{Harris}}: {{An Appreciation}}},
  author = {Nevin, Bruce E},
  url = {https://zelligharris.org/ZSH-appreciation.htm},
  urldate = {2024-10-02},
  file = {/Users/vsocrates/Documents/Yale/research-vault/Research/_Meta/References/Zotero/storage/AMMHBGBC/ZSH-appreciation.html}
}


@book{harrisTheoryLanguageInformation1991,
  title = {A {{Theory}} of {{Language}} and {{Information}}: {{A Mathematical Approach}}},
  shorttitle = {A {{Theory}} of {{Language}} and {{Information}}},
  author = {Harris, Zellig and Harris, Zellig},
  date = {1991-02-14},
  year = {1991},
  publisher = {Oxford University Press},
  location = {Oxford, New York},
  isbn = {978-0-19-824224-6},
  pagetotal = {440},
}


@incollection{zwickyChapterRegisterDimension2015,
  title = {Chapter 9. {{Register}} as a {{Dimension}} of {{Linguistic Variation}}},
  booktitle = {Sublanguage: {{Studies}} of {{Language}} in {{Restricted Semantic Domains}}},
  author = {Zwicky, Arnold M. and Zwicky, Ann D.},
  editor = {Kittredge, Richard and Lehrberger, John},
  date = {2015-04-28},
  year = {2015},
  pages = {213--218},
  publisher = {De Gruyter},
  doi = {10.1515/9783110844818-010},
  url = {https://www.degruyter.com/document/doi/10.1515/9783110844818-010/html},
  urldate = {2024-10-02},
  isbn = {978-3-11-084481-8},
  langid = {english}
}


@book{harris2012form,
  title = {The Form of Information in Science: Analysis of an Immunology Sublanguage},
  author = {Harris, Zellig and Gottfried, Michael and Ryckman, Thomas and Daladier, Anne and Mattick, Paul},
  date = {2012},
  year = {2012},
  volume = {104},
  publisher = {Springer Science \& Business Media}
}


@article{goldbergUsingNaturallanguageProcessing1994,
  title = {Using Natural-Language Processing to Produce Weather Forecasts},
  author = {Goldberg, E. and Driedger, N. and Kittredge, R.I.},
  date = {1994-04},
  year = {1994},
  journal = {IEEE Expert},
  volume = {9},
  number = {2},
  pages = {45--53},
  issn = {2374-9407},
  doi = {10.1109/64.294135},
  url = {https://ieeexplore.ieee.org/document/294135},
  urldate = {2024-10-02},
  eventtitle = {{{IEEE Expert}}},
  keywords = {Data mining,Humans,Lakes,Natural languages,Production systems,Snow,Spraying,Temperature,Weather forecasting,Wind},
}


@article{ivanovaMeaningTextTheory2022,
  title = {“Meaning Text” Theory and the linguistic universe of Igor Melcuk},
  author = {Ivanova, Svetlana Viktorovna and Larina, Tatiana Viktorovna},
  date = {2022-12-22},
  year = {2022},
  journal = {Russian Journal of Linguistics},
  volume = {26},
  number = {4},
  pages = {857--880},
  issn = {2686-8024},
  doi = {10.22363/2687-0088-32635},
  url = {https://doi.org/10.22363/2687-0088-32635},
  urldate = {2024-10-02},
  issue = {4},
  langid = {russian},
}


@inproceedings{kittredgeSublanguageEngineeringFoG1994,
  title = {Sublanguage {{Engineering}} in the {{FoG System}}},
  booktitle = {Fourth {{Conference}} on {{Applied Natural Language Processing}}},
  author = {Kittredge, Richard and Goldberg, Eli and Kim, Myunghee and Polguere, Alain},
  date = {1994-10},
  year = {1994},
  pages = {215--216},
  publisher = {Association for Computational Linguistics},
  location = {Stuttgart, Germany},
  doi = {10.3115/974358.974416},
  url = {https://aclanthology.org/A94-1047},
  urldate = {2024-10-02},
  eventtitle = {{{ANLP}} 1994},
}


@article{friedmanTwoBiomedicalSublanguages2002,
  title = {Two Biomedical Sublanguages: A Description Based on the Theories of {{Zellig Harris}}},
  shorttitle = {Two Biomedical Sublanguages},
  author = {Friedman, Carol and Kra, Pauline and Rzhetsky, Andrey},
  date = {2002-08-01},
  year = {2002},
  journal = {Journal of Biomedical Informatics},
  shortjournal = {Journal of Biomedical Informatics},
  series = {Sublanguage - {{Zellig Harris Memorial}}},
  volume = {35},
  number = {4},
  pages = {222--235},
  issn = {1532-0464},
  doi = {10.1016/S1532-0464(03)00012-1},
  url = {https://www.sciencedirect.com/science/article/pii/S1532046403000121},
  urldate = {2024-10-02},
}


@article{friedmanBroadcoverageNaturalLanguage2000,
  title = {A Broad-Coverage Natural Language Processing System.},
  author = {Friedman, C.},
  date = {2000},
  year = {2000},
  journal = {Proceedings of the AMIA Symposium},
  shortjournal = {Proc AMIA Symp},
  eprint = {11079887},
  eprinttype = {pmid},
  pages = {270--274},
  issn = {1531-605X},
  url = {https://www.ncbi.nlm.nih.gov/pmc/articles/PMC2243979/},
  urldate = {2024-10-02},
  pmcid = {PMC2243979},
}
@article{friedmanGeneralNaturallanguageText1994,
  title = {A General Natural-Language Text Processor for Clinical Radiology.},
  author = {Friedman, C and Alderson, P O and Austin, J H and Cimino, J J and Johnson, S B},
  date = {1994},
  year = {1994},
  journal = {Journal of the American Medical Informatics Association},
  shortjournal = {J Am Med Inform Assoc},
  volume = {1},
  number = {2},
  eprint = {7719797},
  eprinttype = {pmid},
  pages = {161--174},
  issn = {1067-5027},
  url = {https://www.ncbi.nlm.nih.gov/pmc/articles/PMC116194/},
  urldate = {2024-10-02},
  pmcid = {PMC116194},
}

@article{hyunExploringAbilityNatural2009,
  title = {Exploring the Ability of Natural Language Processing to Extract Data from Nursing Narratives},
  author = {Hyun, Sookyung and Johnson, Stephen B. and Bakken, Suzanne},
  date = {2009},
  year = {2009},
  journal = {Computers, informatics, nursing: CIN},
  shortjournal = {Comput Inform Nurs},
  volume = {27},
  number = {4},
  eprint = {19574746},
  eprinttype = {pmid},
  pages = {215-223; quiz 224-225},
  issn = {1538-9774},
  doi = {10.1097/NCN.0b013e3181a91b58},
  langid = {english},
  pmcid = {PMC4415266},
  keywords = {Natural Language Processing,Nursing}
}

@article{sagerNaturalLanguageProcessing1994,
  title = {Natural Language Processing and the Representation of Clinical Data.},
  author = {Sager, N and Lyman, M and Bucknall, C and Nhan, N and Tick, L J},
  date = {1994},
  year = {1994},
  journal = {Journal of the American Medical Informatics Association},
  shortjournal = {J Am Med Inform Assoc},
  volume = {1},
  number = {2},
  eprint = {7719796},
  eprinttype = {pmid},
  pages = {142--160},
  issn = {1067-5027},
  url = {https://www.ncbi.nlm.nih.gov/pmc/articles/PMC116193/},
  urldate = {2024-10-02},
  pmcid = {PMC116193},
}



@article{lussierAutomatingSNOMEDCoding2001,
  title = {Automating {{SNOMED}} Coding Using Medical Language Understanding: A Feasibility Study},
  shorttitle = {Automating {{SNOMED}} Coding Using Medical Language Understanding},
  author = {Lussier, Y. A. and Shagina, L. and Friedman, C.},
  date = {2001},
  year = {2001}, 
  journal = {Proceedings. AMIA Symposium},
  shortjournal = {Proc AMIA Symp},
  eprint = {11825222},
  eprinttype = {pmid},
  pages = {418--422},
  issn = {1531-605X},
  langid = {english},
  pmcid = {PMC2243482},
  keywords = {Feasibility Studies,Humans,Medical Records,Natural Language Processing,Terminology as Topic,Vocabulary Controlled}
}


@article{sevensterAutomaticallyCorrelatingClinical2012,
  title = {Automatically Correlating Clinical Findings and Body Locations in Radiology Reports Using {{MedLEE}}},
  author = {Sevenster, Merlijn and Van Ommering, Rob and Qian, Yuechen},
  date = {2012-04},
  year = {2012},
  journal = {Journal of Digital Imaging},
  shortjournal = {J Digit Imaging},
  volume = {25},
  number = {2},
  eprint = {21796490},
  eprinttype = {pmid},
  pages = {240--249},
  issn = {1618-727X},
  doi = {10.1007/s10278-011-9411-0},
  langid = {english},
  pmcid = {PMC3295967},
  keywords = {Brain Diseases,Breast Diseases,Data Mining,Humans,Natural Language Processing,Radiography,Radiology,Radiology Information Systems,Software},
}



@article{jainIdentificationSuspectedTuberculosis1996,
  title = {Identification of Suspected Tuberculosis Patients Based on Natural Language Processing of Chest Radiograph Reports},
  author = {Jain, N. L. and Knirsch, C. A. and Friedman, C. and Hripcsak, G.},
  date = {1996},
  year = {1996},
  journal = {Proceedings: a conference of the American Medical Informatics Association. AMIA Fall Symposium},
  shortjournal = {Proc AMIA Annu Fall Symp},
  eprint = {8947725},
  eprinttype = {pmid},
  pages = {542--546},
  issn = {1091-8280},
  langid = {english},
  pmcid = {PMC2233236},
  keywords = {Adult,Decision Making Computer-Assisted,Humans,Lung,Medical Records Systems Computerized,Natural Language Processing,Practice Guidelines as Topic,Radiography Thoracic,Retrospective Studies,Tuberculosis Pulmonary}
}


@inproceedings{jimenezgutierrezBiomedicalLanguageModels2023,
  title = {Biomedical {{Language Models}} Are {{Robust}} to {{Sub-optimal Tokenization}}},
  booktitle = {The 22nd {{Workshop}} on {{Biomedical Natural Language Processing}} and {{BioNLP Shared Tasks}}},
  author = {Jimenez Gutierrez, Bernal and Sun, Huan and Su, Yu},
  editor = {Demner-fushman, Dina and Ananiadou, Sophia and Cohen, Kevin},
  date = {2023-07},
  year = {2023},
  pages = {350--362},
  publisher = {Association for Computational Linguistics},
  location = {Toronto, Canada},
  doi = {10.18653/v1/2023.bionlp-1.32},
  url = {https://aclanthology.org/2023.bionlp-1.32},
  urldate = {2024-10-02},
  eventtitle = {{{BioNLP}} 2023},
}


@online{hasanInfusingClinicalKnowledge2024,
  title = {Infusing Clinical Knowledge into Tokenisers for Language Models},
  author = {Hasan, Abul and Wu, Jinge and Nguyen, Quang Ngoc and Andres, Salomé and Guellil, Imane and Zhang, Huayu and Casey, Arlene and Alex, Beatrice and Guthrie, Bruce and Wu, Honghan},
  date = {2024-06-20},
  date = {2024},
  eprint = {2406.14312},
  eprinttype = {arXiv},
  eprintclass = {cs},
  doi = {10.48550/arXiv.2406.14312},
  url = {http://arxiv.org/abs/2406.14312},
  urldate = {2024-10-02},
  pubstate = {prepublished},
  keywords = {Computer Science - Artificial Intelligence,Computer Science - Computation and Language},
}

@inproceedings{labrak-etal-2024-important,
  title = {How Important Is Tokenization in {{French}} Medical Masked Language Models?},
  booktitle = {Proceedings of the 2024 Joint International Conference on Computational Linguistics, Language Resources and Evaluation ({{LREC-COLING}} 2024)},
  author = {Labrak, Yanis and Bazoge, Adrien and Daille, Béatrice and Rouvier, Mickael and Dufour, Richard},
  editor = {Calzolari, Nicoletta and Kan, Min-Yen and Hoste, Veronique and Lenci, Alessandro and Sakti, Sakriani and Xue, Nianwen},
  date = {2024-05},
  year = {2024},
  pages = {8223--8234},
  publisher = {{ELRA and ICCL}},
  location = {Torino, Italia},
  url = {https://aclanthology.org/2024.lrec-main.721},
}


@inproceedings{ethayarajh-2019-contextual,
  title = {How Contextual Are Contextualized Word Representations? {{Comparing}} the Geometry of {{BERT}}, {{ELMo}}, and {{GPT-2}} Embeddings},
  booktitle = {Proceedings of the 2019 Conference on Empirical Methods in Natural Language Processing and the 9th International Joint Conference on Natural Language Processing ({{EMNLP-IJCNLP}})},
  author = {Ethayarajh, Kawin},
  editor = {Inui, Kentaro and Jiang, Jing and Ng, Vincent and Wan, Xiaojun},
  date = {2019-11},
  year = {2019},
  pages = {55--65},
  publisher = {Association for Computational Linguistics},
  location = {Hong Kong, China},
  doi = {10.18653/v1/D19-1006},
  url = {https://aclanthology.org/D19-1006},
}

@inproceedings{min-etal-2023-factscore,
  title = {{{FActScore}}: {{Fine-grained}} Atomic Evaluation of Factual Precision in Long Form Text Generation},
  booktitle = {Proceedings of the 2023 Conference on Empirical Methods in Natural Language Processing},
  author = {Min, Sewon and Krishna, Kalpesh and Lyu, Xinxi and Lewis, Mike and Yih, Wen-tau and Koh, Pang and Iyyer, Mohit and Zettlemoyer, Luke and Hajishirzi, Hannaneh},
  editor = {Bouamor, Houda and Pino, Juan and Bali, Kalika},
  date = {2023-12},
  year = {2023},
  pages = {12076--12100},
  publisher = {Association for Computational Linguistics},
  location = {Singapore},
  doi = {10.18653/v1/2023.emnlp-main.741},
  url = {https://aclanthology.org/2023.emnlp-main.741},
}


@inproceedings{shin-etal-2021-constrained,
  title = {Constrained Language Models Yield Few-Shot Semantic Parsers},
  booktitle = {Proceedings of the 2021 Conference on Empirical Methods in Natural Language Processing},
  author = {Shin, Richard and Lin, Christopher and Thomson, Sam and Chen, Charles and Roy, Subhro and Platanios, Emmanouil Antonios and Pauls, Adam and Klein, Dan and Eisner, Jason and Van Durme, Benjamin},
  editor = {Moens, Marie-Francine and Huang, Xuanjing and Specia, Lucia and Yih, Scott Wen-tau},
  date = {2021-11},
  year = {2021},
  pages = {7699--7715},
  publisher = {Association for Computational Linguistics},
  location = {Online and Punta Cana, Dominican Republic},
  doi = {10.18653/v1/2021.emnlp-main.608},
  url = {https://aclanthology.org/2021.emnlp-main.608},
}

@inproceedings{wangGrammarPromptingDomainspecific2024,
  title = {Grammar Prompting for Domain-Specific Language Generation with Large Language Models},
  booktitle = {Proceedings of the 37th {{International Conference}} on {{Neural Information Processing Systems}}},
  author = {Wang, Bailin and Wang, Zi and Wang, Xuezhi and Cao, Yuan and Saurous, Rif A. and Kim, Yoon},
  date = {2024-05-30},
  year = {2024},
  series = {{{NIPS}} '23},
  pages = {65030--65055},
  publisher = {Curran Associates Inc.},
  location = {Red Hook, NY, USA},
}


@article{reeveBenefitsHarmsDeprescribing2014,
  title = {The Benefits and Harms of Deprescribing},
  author = {Reeve, Emily and Shakib, Sepehr and Hendrix, Ivanka and Roberts, Michael S. and Wiese, Michael D.},
  date = {2014-10-06},
  year = {2014},
  journal = {The Medical Journal of Australia},
  shortjournal = {Med J Aust},
  volume = {201},
  number = {7},
  eprint = {25296058},
  eprinttype = {pmid},
  pages = {386--389},
  issn = {1326-5377},
  doi = {10.5694/mja13.00200},
  langid = {english},
  keywords = {Drug-Related Side Effects and Adverse Reactions,Humans,Inappropriate Prescribing,Polypharmacy,Substance Withdrawal Syndrome}
}


@article{zackAssessingPotentialGPT42024,
  title = {Assessing the Potential of {{GPT-4}} to Perpetuate Racial and Gender Biases in Health Care: A Model Evaluation Study},
  shorttitle = {Assessing the Potential of {{GPT-4}} to Perpetuate Racial and Gender Biases in Health Care},
  author = {Zack, Travis and Lehman, Eric and Suzgun, Mirac and Rodriguez, Jorge A. and Celi, Leo Anthony and Gichoya, Judy and Jurafsky, Dan and Szolovits, Peter and Bates, David W. and Abdulnour, Raja-Elie E. and Butte, Atul J. and Alsentzer, Emily},
  date = {2024-01-01},
  year = {2024},
  journal = {The Lancet Digital Health},
  shortjournal = {The Lancet Digital Health},
  volume = {6},
  number = {1},
  eprint = {38123252},
  eprinttype = {pmid},
  pages = {e12-e22},
  publisher = {Elsevier},
  issn = {2589-7500},
  doi = {10.1016/S2589-7500(23)00225-X},
  url = {https://www.thelancet.com/journals/landig/article/PIIS2589-7500(23)00225-X/fulltext},
  urldate = {2024-10-02},
  langid = {english},
}



@inproceedings{chenModelsExplainThemselves2024,
  title = {Do {{Models Explain Themselves}}? {{Counterfactual Simulatability}} of {{Natural Language Explanations}}},
  shorttitle = {Do {{Models Explain Themselves}}?},
  booktitle = {Proceedings of the 41st {{International Conference}} on {{Machine Learning}}},
  author = {Chen, Yanda and Zhong, Ruiqi and Ri, Narutatsu and Zhao, Chen and He, He and Steinhardt, Jacob and Yu, Zhou and Mckeown, Kathleen},
  date = {2024-07-08},
  year = {2024},
  pages = {7880--7904},
  publisher = {PMLR},
  issn = {2640-3498},
  url = {https://proceedings.mlr.press/v235/chen24bl.html},
  urldate = {2024-10-02},
  eventtitle = {International {{Conference}} on {{Machine Learning}}},
  langid = {english},
}


@article{harrisDistributionalStructure1954a,
  title = {Distributional {{Structure}}},
  author = {Harris, Zellig S.},
  date = {1954-08-01},
  year = {1954},
  journal = {WORD},
  volume = {10},
  number = {2-3},
  pages = {146--162},
  publisher = {Routledge},
  issn = {0043-7956},
  doi = {10.1080/00437956.1954.11659520},
  url = {https://doi.org/10.1080/00437956.1954.11659520},
  urldate = {2024-10-03},
  file = {/Users/vsocrates/Documents/Yale/research-vault/Research/_Meta/References/Zotero/storage/JDFQZ5US/Harris - 1954 - Distributional Structure.pdf}
}


@article{firth1957synopsis,
  title = {A Synopsis of Linguistic Theory 1930-1955},
  author = {family=Firth, given=JR, given-i=JR},
  date = {1957},
  year = {1957},
  journal = {Studies in Linguistic Analysis, Special Volume/Blackwell}
}

@article{baroni2010distributional,
  title = {Distributional Memory: {{A}} General Framework for Corpus-Based Semantics},
  author = {Baroni, Marco and Lenci, Alessandro},
  date = {2010},
  year = {2010},
  journal = {Computational Linguistics},
  volume = {36},
  number = {4},
  pages = {673--721},
  publisher = {MIT Press One Rogers Street, Cambridge, MA 02142-1209, USA journals-info …}
}

@article{landauerSolutionPlatosProblem1997,
  title = {A Solution to {{Plato}}'s Problem: {{The}} Latent Semantic Analysis Theory of Acquisition, Induction, and Representation of Knowledge},
  shorttitle = {A Solution to {{Plato}}'s Problem},
  author = {Landauer, Thomas K. and Dumais, Susan T.},
  date = {1997},
  year = {1997},
  journal = {Psychological Review},
  volume = {104},
  number = {2},
  pages = {211--240},
  publisher = {American Psychological Association},
  location = {US},
  issn = {1939-1471},
  doi = {10.1037/0033-295X.104.2.211},
  keywords = {Knowledge Level,Learning,Psycholinguistics,Semantics,Theories},
}

@inproceedings{sahlgren2005introduction,
  title = {An Introduction to Random Indexing},
  booktitle = {Methods and Applications of Semantic Indexing Workshop at the 7th International Conference on Terminology and Knowledge Engineering},
  author = {Sahlgren, Magnus},
  date = {2005},
  year = {2005}
}

@article{mikolov2013efficient,
  title = {Efficient Estimation of Word Representations in Vector Space},
  note = {Unsubmitted},
  author = {Mikolov, Tomas},
  year = {2013},
  eprint = {1301.3781},
  journal = {arXiv}
}

@article{jozefowicz2016exploring,
  title={Exploring the limits of language modeling},
  author={Jozefowicz, Rafal and Vinyals, Oriol and Schuster, Mike and Shazeer, Noam and Wu, Yonghui},
  journal={arXiv preprint arXiv:1602.02410},
  year={2016}
}

@inproceedings{NIPS2017_3f5ee243,
  title = {Attention Is All You Need},
  booktitle = {Advances in Neural Information Processing Systems},
  author = {Vaswani, Ashish and Shazeer, Noam and Parmar, Niki and Uszkoreit, Jakob and Jones, Llion and Gomez, Aidan N and Kaiser, Lukasz and Polosukhin, Illia},
  editor = {Guyon, I. and Luxburg, U. Von and Bengio, S. and Wallach, H. and Fergus, R. and Vishwanathan, S. and Garnett, R.},
  date = {2017},
  year = {2017},
  volume = {30},
  publisher = {Curran Associates, Inc.},
}

@inproceedings{bahdanauNeuralMachineTranslation2015,
  title = {Neural {{Machine Translation}} by {{Jointly Learning}} to {{Align}} and {{Translate}}},
  booktitle = {3rd {{International Conference}} on {{Learning Representations}}, {{ICLR}} 2015, {{San Diego}}, {{CA}}, {{USA}}, {{May}} 7-9, 2015, {{Conference Track Proceedings}}},
  author = {Bahdanau, Dzmitry and Cho, Kyunghyun and Bengio, Yoshua},
  editor = {Bengio, Yoshua and LeCun, Yann},
  date = {2015},
  year = {2015},
  url = {http://arxiv.org/abs/1409.0473},
  urldate = {2024-10-03}
}


@inproceedings{devlin-etal-2019-bert,
  title = {{{BERT}}: {{Pre-training}} of Deep Bidirectional Transformers for Language Understanding},
  booktitle = {Proceedings of the 2019 Conference of the North {{American}} Chapter of the Association for Computational Linguistics: {{Human}} Language Technologies, Volume 1 (Long and Short Papers)},
  author = {Devlin, Jacob and Chang, Ming-Wei and Lee, Kenton and Toutanova, Kristina},
  editor = {Burstein, Jill and Doran, Christy and Solorio, Thamar},
  date = {2019-06},
  year = {2019-06},
  pages = {4171--4186},
  publisher = {Association for Computational Linguistics},
  location = {Minneapolis, Minnesota},
  doi = {10.18653/v1/N19-1423},
  url = {https://aclanthology.org/N19-1423},
}

@online{radford2018improving,
  title={Improving language understanding by generative pre-training},
  author={Radford, Alec},
  year={2018},
}


@article{bahriExplainingNeuralScaling,
  title = {Explaining Neural Scaling Laws},
  author = {Bahri, Yasaman and Dyer, Ethan and Kaplan, Jared and Lee, Jaehoon and Sharma, Utkarsh},
  journal = {Proceedings of the National Academy of Sciences of the United States of America},
  shortjournal = {Proc Natl Acad Sci U S A},
  volume = {121},
  year = {2024},
  number = {27},
  eprint = {38913889},
  eprinttype = {pmid},
  pages = {e2311878121},
  issn = {0027-8424},
  doi = {10.1073/pnas.2311878121},
  url = {https://www.ncbi.nlm.nih.gov/pmc/articles/PMC11228526/},
  urldate = {2024-10-03},
  pmcid = {PMC11228526},
}

@article{kaplan2020scaling,
  title = {Scaling Laws for Neural Language Models},
  author = {Kaplan, Jared and McCandlish, Sam and Henighan, Tom and Brown, Tom B and Chess, Benjamin and Child, Rewon and Gray, Scott and Radford, Alec and Wu, Jeffrey and Amodei, Dario},
  journal = {arxiv},
  date = {2020},
  year = {2020},
  eprint = {2001.08361},
  eprinttype = {arXiv}
}


@online{openaiGPT4TechnicalReport2024,
  title = {{{GPT-4 Technical Report}}},
  author = {OpenAI and Achiam, Josh and Adler, Steven and Agarwal, Sandhini and Ahmad, Lama and Akkaya, Ilge and Aleman, Florencia Leoni and Almeida, Diogo and Altenschmidt, Janko and Altman, Sam and Anadkat, Shyamal and Avila, Red and Babuschkin, Igor and Balaji, Suchir and Balcom, Valerie and Baltescu, Paul and Bao, Haiming and Bavarian, Mohammad and Belgum, Jeff and Bello, Irwan and Berdine, Jake and Bernadett-Shapiro, Gabriel and Berner, Christopher and Bogdonoff, Lenny and Boiko, Oleg and Boyd, Madelaine and Brakman, Anna-Luisa and Brockman, Greg and Brooks, Tim and Brundage, Miles and Button, Kevin and Cai, Trevor and Campbell, Rosie and Cann, Andrew and Carey, Brittany and Carlson, Chelsea and Carmichael, Rory and Chan, Brooke and Chang, Che and Chantzis, Fotis and Chen, Derek and Chen, Sully and Chen, Ruby and Chen, Jason and Chen, Mark and Chess, Ben and Cho, Chester and Chu, Casey and Chung, Hyung Won and Cummings, Dave and Currier, Jeremiah and Dai, Yunxing and Decareaux, Cory and Degry, Thomas and Deutsch, Noah and Deville, Damien and Dhar, Arka and Dohan, David and Dowling, Steve and Dunning, Sheila and Ecoffet, Adrien and Eleti, Atty and Eloundou, Tyna and Farhi, David and Fedus, Liam and Felix, Niko and Fishman, Simón Posada and Forte, Juston and Fulford, Isabella and Gao, Leo and Georges, Elie and Gibson, Christian and Goel, Vik and Gogineni, Tarun and Goh, Gabriel and Gontijo-Lopes, Rapha and Gordon, Jonathan and Grafstein, Morgan and Gray, Scott and Greene, Ryan and Gross, Joshua and Gu, Shixiang Shane and Guo, Yufei and Hallacy, Chris and Han, Jesse and Harris, Jeff and He, Yuchen and Heaton, Mike and Heidecke, Johannes and Hesse, Chris and Hickey, Alan and Hickey, Wade and Hoeschele, Peter and Houghton, Brandon and Hsu, Kenny and Hu, Shengli and Hu, Xin and Huizinga, Joost and Jain, Shantanu and Jain, Shawn and Jang, Joanne and Jiang, Angela and Jiang, Roger and Jin, Haozhun and Jin, Denny and Jomoto, Shino and Jonn, Billie and Jun, Heewoo and Kaftan, Tomer and Kaiser, Lukasz and Kamali, Ali and Kanitscheider, Ingmar and Keskar, Nitish Shirish and Khan, Tabarak and Kilpatrick, Logan and Kim, Jong Wook and Kim, Christina and Kim, Yongjik and Kirchner, Jan Hendrik and Kiros, Jamie and Knight, Matt and Kokotajlo, Daniel and Kondraciuk, Lukasz and Kondrich, Andrew and Konstantinidis, Aris and Kosic, Kyle and Krueger, Gretchen and Kuo, Vishal and Lampe, Michael and Lan, Ikai and Lee, Teddy and Leike, Jan and Leung, Jade and Levy, Daniel and Li, Chak Ming and Lim, Rachel and Lin, Molly and Lin, Stephanie and Litwin, Mateusz and Lopez, Theresa and Lowe, Ryan and Lue, Patricia and Makanju, Anna and Malfacini, Kim and Manning, Sam and Markov, Todor and Markovski, Yaniv and Martin, Bianca and Mayer, Katie and Mayne, Andrew and McGrew, Bob and McKinney, Scott Mayer and McLeavey, Christine and McMillan, Paul and McNeil, Jake and Medina, David and Mehta, Aalok and Menick, Jacob and Metz, Luke and Mishchenko, Andrey and Mishkin, Pamela and Monaco, Vinnie and Morikawa, Evan and Mossing, Daniel and Mu, Tong and Murati, Mira and Murk, Oleg and Mély, David and Nair, Ashvin and Nakano, Reiichiro and Nayak, Rajeev and Neelakantan, Arvind and Ngo, Richard and Noh, Hyeonwoo and Ouyang, Long and O'Keefe, Cullen and Pachocki, Jakub and Paino, Alex and Palermo, Joe and Pantuliano, Ashley and Parascandolo, Giambattista and Parish, Joel and Parparita, Emy and Passos, Alex and Pavlov, Mikhail and Peng, Andrew and Perelman, Adam and Peres, Filipe de Avila Belbute and Petrov, Michael and Pinto, Henrique Ponde de Oliveira and Michael and Pokorny and Pokrass, Michelle and Pong, Vitchyr H. and Powell, Tolly and Power, Alethea and Power, Boris and Proehl, Elizabeth and Puri, Raul and Radford, Alec and Rae, Jack and Ramesh, Aditya and Raymond, Cameron and Real, Francis and Rimbach, Kendra and Ross, Carl and Rotsted, Bob and Roussez, Henri and Ryder, Nick and Saltarelli, Mario and Sanders, Ted and Santurkar, Shibani and Sastry, Girish and Schmidt, Heather and Schnurr, David and Schulman, John and Selsam, Daniel and Sheppard, Kyla and Sherbakov, Toki and Shieh, Jessica and Shoker, Sarah and Shyam, Pranav and Sidor, Szymon and Sigler, Eric and Simens, Maddie and Sitkin, Jordan and Slama, Katarina and Sohl, Ian and Sokolowsky, Benjamin and Song, Yang and Staudacher, Natalie and Such, Felipe Petroski and Summers, Natalie and Sutskever, Ilya and Tang, Jie and Tezak, Nikolas and Thompson, Madeleine B. and Tillet, Phil and Tootoonchian, Amin and Tseng, Elizabeth and Tuggle, Preston and Turley, Nick and Tworek, Jerry and Uribe, Juan Felipe Ceron and Vallone, Andrea and Vijayvergiya, Arun and Voss, Chelsea and Wainwright, Carroll and Wang, Justin Jay and Wang, Alvin and Wang, Ben and Ward, Jonathan and Wei, Jason and Weinmann, C. J. and Welihinda, Akila and Welinder, Peter and Weng, Jiayi and Weng, Lilian and Wiethoff, Matt and Willner, Dave and Winter, Clemens and Wolrich, Samuel and Wong, Hannah and Workman, Lauren and Wu, Sherwin and Wu, Jeff and Wu, Michael and Xiao, Kai and Xu, Tao and Yoo, Sarah and Yu, Kevin and Yuan, Qiming and Zaremba, Wojciech and Zellers, Rowan and Zhang, Chong and Zhang, Marvin and Zhao, Shengjia and Zheng, Tianhao and Zhuang, Juntang and Zhuk, William and Zoph, Barret},
  date = {2024-03-04},
  year = {2024},
  eprint = {2303.08774},
  eprinttype = {arXiv},
  eprintclass = {cs},
  doi = {10.48550/arXiv.2303.08774},
  url = {http://arxiv.org/abs/2303.08774},
  urldate = {2024-10-03},
  pubstate = {prepublished},
  keywords = {Computer Science - Artificial Intelligence,Computer Science - Computation and Language},
  file = {/Users/vsocrates/Documents/Yale/research-vault/Research/_Meta/References/Zotero/storage/NXGI4ZRG/OpenAI et al. - 2024 - GPT-4 Technical Report.pdf}
}


@inproceedings{sennrich-etal-2016-neural,
  title = {Neural Machine Translation of Rare Words with Subword Units},
  booktitle = {Proceedings of the 54th Annual Meeting of the Association for Computational Linguistics (Volume 1: {{Long}} Papers)},
  author = {Sennrich, Rico and Haddow, Barry and Birch, Alexandra},
  editor = {Erk, Katrin and Smith, Noah A.},
  date = {2016-08},
  year = {2016},
  pages = {1715--1725},
  publisher = {Association for Computational Linguistics},
  location = {Berlin, Germany},
  doi = {10.18653/v1/P16-1162},
  url = {https://aclanthology.org/P16-1162}
}


@article{kiureghianAleatoryEpistemicDoes2009,
  title = {Aleatory or Epistemic? {{Does}} It Matter?},
  shorttitle = {Aleatory or Epistemic?},
  author = {Kiureghian, Armen Der and Ditlevsen, Ove},
  date = {2009-03-01},
  year = {2009}, 
  journal = {Structural Safety},
  shortjournal = {Structural Safety},
  series = {Risk {{Acceptance}} and {{Risk Communication}}},
  volume = {31},
  number = {2},
  pages = {105--112},
  issn = {0167-4730},
  doi = {10.1016/j.strusafe.2008.06.020},
  url = {https://www.sciencedirect.com/science/article/pii/S0167473008000556},
  urldate = {2024-10-04},
  keywords = {Aleatory,Epistemic,Ergodicity,Parameter uncertainty,Predictive models,Probability distribution choice,Statistical dependence,Systems,Time-variant reliability,Uncertainty}
}


@article{gawlikowskiSurveyUncertaintyDeep2023,
  title = {A Survey of Uncertainty in Deep Neural Networks},
  author = {Gawlikowski, Jakob and Tassi, Cedrique Rovile Njieutcheu and Ali, Mohsin and Lee, Jongseok and Humt, Matthias and Feng, Jianxiang and Kruspe, Anna and Triebel, Rudolph and Jung, Peter and Roscher, Ribana and Shahzad, Muhammad and Yang, Wen and Bamler, Richard and Zhu, Xiao Xiang},
  date = {2023-10-01},
  year = {2023},
  journal = {Artificial Intelligence Review},
  shortjournal = {Artif Intell Rev},
  volume = {56},
  number = {1},
  pages = {1513--1589},
  issn = {1573-7462},
  doi = {10.1007/s10462-023-10562-9},
  url = {https://doi.org/10.1007/s10462-023-10562-9},
  urldate = {2024-10-04},
  langid = {english},
  keywords = {Artificial Intelligence,Bayesian deep neural networks,Calibration,Ensembles,Test-time augmentation,Uncertainty},
}


@inproceedings{guoCalibrationModernNeural2017,
  title = {On {{Calibration}} of {{Modern Neural Networks}}},
  booktitle = {Proceedings of the 34th {{International Conference}} on {{Machine Learning}}},
  author = {Guo, Chuan and Pleiss, Geoff and Sun, Yu and Weinberger, Kilian Q.},
  date = {2017-07-17},
  year = {2017},
  pages = {1321--1330},
  publisher = {PMLR},
  issn = {2640-3498},
  url = {https://proceedings.mlr.press/v70/guo17a.html},
  urldate = {2024-10-04},
  eventtitle = {International {{Conference}} on {{Machine Learning}}},
  langid = {english},
}


@inproceedings{niculescu-mizilPredictingGoodProbabilities2005,
  title = {Predicting Good Probabilities with Supervised Learning},
  booktitle = {Proceedings of the 22nd International Conference on {{Machine}} Learning},
  author = {Niculescu-Mizil, Alexandru and Caruana, Rich},
  date = {2005-08-07},
  year = {2005}, 
  series = {{{ICML}} '05},
  pages = {625--632},
  publisher = {Association for Computing Machinery},
  location = {New York, NY, USA},
  doi = {10.1145/1102351.1102430},
  url = {https://dl.acm.org/doi/10.1145/1102351.1102430},
  urldate = {2024-10-04},
  isbn = {978-1-59593-180-1},
}


@article{finePredictionRuleIdentify1997,
  title = {A {{Prediction Rule}} to {{Identify Low-Risk Patients}} with {{Community-Acquired Pneumonia}}},
  author = {Fine, Michael J. and Auble, Thomas E. and Yealy, Donald M. and Hanusa, Barbara H. and Weissfeld, Lisa A. and Singer, Daniel E. and Coley, Christopher M. and Marrie, Thomas J. and Kapoor, Wishwa N.},
  date = {1997-01-23},
  year = {1997},
  journal = {New England Journal of Medicine},
  volume = {336},
  number = {4},
  pages = {243--250},
  publisher = {Massachusetts Medical Society},
  issn = {0028-4793},
  doi = {10.1056/NEJM199701233360402},
  url = {https://www.nejm.org/doi/full/10.1056/NEJM199701233360402},
  urldate = {2024-10-05},
}


@article{naeiniObtainingWellCalibrated2015,
  title = {Obtaining {{Well Calibrated Probabilities Using Bayesian Binning}}},
  author = {Naeini, Mahdi Pakdaman and Cooper, Gregory F. and Hauskrecht, Milos},
  date = {2015-01},
  year = {2015},
  journal = {Proceedings of the ... AAAI Conference on Artificial Intelligence. AAAI Conference on Artificial Intelligence},
  shortjournal = {Proc AAAI Conf Artif Intell},
  volume = {2015},
  eprint = {25927013},
  eprinttype = {pmid},
  pages = {2901--2907},
  issn = {2159-5399},
  url = {https://www.ncbi.nlm.nih.gov/pmc/articles/PMC4410090/},
  urldate = {2024-10-05},
  pmcid = {PMC4410090},
}

@inproceedings{dosovitskiyImageWorth16x162021,
  title = {An {{Image}} Is {{Worth}} 16x16 {{Words}}: {{Transformers}} for {{Image Recognition}} at {{Scale}}},
  shorttitle = {An {{Image}} Is {{Worth}} 16x16 {{Words}}},
  booktitle = {9th {{International Conference}} on {{Learning Representations}}, {{ICLR}} 2021, {{Virtual Event}}, {{Austria}}, {{May}} 3-7, 2021},
  author = {Dosovitskiy, Alexey and Beyer, Lucas and Kolesnikov, Alexander and Weissenborn, Dirk and Zhai, Xiaohua and Unterthiner, Thomas and Dehghani, Mostafa and Minderer, Matthias and Heigold, Georg and Gelly, Sylvain and Uszkoreit, Jakob and Houlsby, Neil},
  date = {2021},
  year = {2021},
  publisher = {OpenReview.net},
  url = {https://openreview.net/forum?id=YicbFdNTTy},
  urldate = {2024-10-05}
}

@inproceedings{tolstikhinMLPMixerAllMLPArchitecture2021,
  title = {{{MLP-Mixer}}: {{An}} All-{{MLP Architecture}} for {{Vision}}},
  shorttitle = {{{MLP-Mixer}}},
  booktitle = {Advances in {{Neural Information Processing Systems}}},
  author = {Tolstikhin, Ilya O and Houlsby, Neil and Kolesnikov, Alexander and Beyer, Lucas and Zhai, Xiaohua and Unterthiner, Thomas and Yung, Jessica and Steiner, Andreas and Keysers, Daniel and Uszkoreit, Jakob and Lucic, Mario and Dosovitskiy, Alexey},
  date = {2021},
  year = {2021},
  volume = {34},
  pages = {24261--24272},
  publisher = {Curran Associates, Inc.},
  url = {https://proceedings.neurips.cc/paper/2021/hash/cba0a4ee5ccd02fda0fe3f9a3e7b89fe-Abstract.html},
  urldate = {2024-10-05},
}

@inproceedings{mindererRevisitingCalibrationModern2021,
  title = {Revisiting the {{Calibration}} of {{Modern Neural Networks}}},
  booktitle = {Advances in {{Neural Information Processing Systems}}},
  author = {Minderer, Matthias and Djolonga, Josip and Romijnders, Rob and Hubis, Frances and Zhai, Xiaohua and Houlsby, Neil and Tran, Dustin and Lucic, Mario},
  date = {2021},
  year = {2021},
  volume = {34},
  pages = {15682--15694},
  publisher = {Curran Associates, Inc.},
  url = {https://proceedings.neurips.cc/paper/2021/hash/8420d359404024567b5aefda1231af24-Abstract.html},
  urldate = {2024-10-05},
}

@inproceedings{desaiCalibrationPretrainedTransformers2020,
  title = {Calibration of {{Pre-trained Transformers}}},
  booktitle = {Proceedings of the 2020 {{Conference}} on {{Empirical Methods}} in {{Natural Language Processing}} ({{EMNLP}})},
  author = {Desai, Shrey and Durrett, Greg},
  editor = {Webber, Bonnie and Cohn, Trevor and He, Yulan and Liu, Yang},
  date = {2020-11},
  year = {2020},
  pages = {295--302},
  publisher = {Association for Computational Linguistics},
  location = {Online},
  doi = {10.18653/v1/2020.emnlp-main.21},
  url = {https://aclanthology.org/2020.emnlp-main.21},
  urldate = {2024-10-05},
  eventtitle = {{{EMNLP}} 2020},
}

@incollection{ovadiaCanYouTrust2019,
  title = {Can You Trust Your Model's Uncertainty? Evaluating Predictive Uncertainty under Dataset Shift},
  shorttitle = {Can You Trust Your Model's Uncertainty?},
  booktitle = {Proceedings of the 33rd {{International Conference}} on {{Neural Information Processing Systems}}},
  author = {Ovadia, Yaniv and Fertig, Emily and Ren, Jie and Nado, Zachary and Sculley, D. and Nowozin, Sebastian and Dillon, Joshua V. and Lakshminarayanan, Balaji and Snoek, Jasper},
  date = {2019-12-08},
  year = {2019},
  number = {1254},
  pages = {14003--14014},
  publisher = {Curran Associates Inc.},
  location = {Red Hook, NY, USA},
}


@inproceedings{mahaut-etal-2024-factual,
  title = {Factual Confidence of {{LLMs}}: On Reliability and Robustness of Current Estimators},
  booktitle = {Proceedings of the 62nd Annual Meeting of the Association for Computational Linguistics (Volume 1: {{Long}} Papers)},
  author = {Mahaut, Matéo and Aina, Laura and Czarnowska, Paula and Hardalov, Momchil and Müller, Thomas and Marquez, Lluis},
  editor = {Ku, Lun-Wei and Martins, Andre and Srikumar, Vivek},
  date = {2024-08},
  year = {2024}, 
  pages = {4554--4570},
  publisher = {Association for Computational Linguistics},
  location = {Bangkok, Thailand},
  doi = {10.18653/v1/2024.acl-long.250},
  url = {https://aclanthology.org/2024.acl-long.250},
}

@inproceedings{xiong2024can,
  title = {Can {{LLMs}} Express Their Uncertainty? {{An}} Empirical Evaluation of Confidence Elicitation in {{LLMs}}},
  booktitle = {The Twelfth International Conference on Learning Representations},
  author = {Xiong, Miao and Hu, Zhiyuan and Lu, Xinyang and family=LI, given=YIFEI, given-i=YIFEI and Fu, Jie and He, Junxian and Hooi, Bryan},
  date = {2024},
  year = {2024},
  url = {https://openreview.net/forum?id=gjeQKFxFpZ}
}


@inproceedings{tian-etal-2023-just,
  title = {Just Ask for Calibration: {{Strategies}} for Eliciting Calibrated Confidence Scores from Language Models Fine-Tuned with Human Feedback},
  booktitle = {Proceedings of the 2023 Conference on Empirical Methods in Natural Language Processing},
  author = {Tian, Katherine and Mitchell, Eric and Zhou, Allan and Sharma, Archit and Rafailov, Rafael and Yao, Huaxiu and Finn, Chelsea and Manning, Christopher},
  editor = {Bouamor, Houda and Pino, Juan and Bali, Kalika},
  date = {2023-12},
  year = {2023},
  pages = {5433--5442},
  publisher = {Association for Computational Linguistics},
  location = {Singapore},
  doi = {10.18653/v1/2023.emnlp-main.330},
  url = {https://aclanthology.org/2023.emnlp-main.330},
}


@article{huangLookYouLeap2023a,
  title = {Look {{Before You Leap}}: {{An Exploratory Study}} of {{Uncertainty Measurement}} for {{Large Language Models}}},
  shorttitle = {Look {{Before You Leap}}},
  author = {Huang, Yuheng and Song, Jiayang and Wang, Zhijie and Chen, Huaming and Ma, Lei},
  date = {2023},
  journal = {CoRR},
  year = {2023},
  volume = {abs/2307.10236},
  eprint = {2307.10236},
  eprinttype = {arXiv},
  doi = {10.48550/ARXIV.2307.10236},
  url = {https://doi.org/10.48550/arXiv.2307.10236},
  urldate = {2024-10-05}
}



@inproceedings{zhou-etal-2024-relying,
    title = "Relying on the Unreliable: The Impact of Language Models{'} Reluctance to Express Uncertainty",
    author = "Zhou, Kaitlyn  and
      Hwang, Jena  and
      Ren, Xiang  and
      Sap, Maarten",
    editor = "Ku, Lun-Wei  and
      Martins, Andre  and
      Srikumar, Vivek",
    booktitle = "Proceedings of the 62nd Annual Meeting of the Association for Computational Linguistics (Volume 1: Long Papers)",
    month = aug,
    year = "2024",
    address = "Bangkok, Thailand",
    publisher = "Association for Computational Linguistics",
    url = "https://aclanthology.org/2024.acl-long.198",
    doi = "10.18653/v1/2024.acl-long.198",
    pages = "3623--3643",
}


@inproceedings{rivera-etal-2024-combining,
    title = "Combining Confidence Elicitation and Sample-based Methods for Uncertainty Quantification in Misinformation Mitigation",
    author = "Rivera, Mauricio  and
      Godbout, Jean-Fran{\c{c}}ois  and
      Rabbany, Reihaneh  and
      Pelrine, Kellin",
    editor = {V{\'a}zquez, Ra{\'u}l  and
      Celikkanat, Hande  and
      Ulmer, Dennis  and
      Tiedemann, J{\"o}rg  and
      Swayamdipta, Swabha  and
      Aziz, Wilker  and
      Plank, Barbara  and
      Baan, Joris  and
      de Marneffe, Marie-Catherine},
    booktitle = "Proceedings of the 1st Workshop on Uncertainty-Aware NLP (UncertaiNLP 2024)",
    month = mar,
    year = "2024",
    address = "St Julians, Malta",
    publisher = "Association for Computational Linguistics",
    url = "https://aclanthology.org/2024.uncertainlp-1.12",
    pages = "114--126",
}


@article{ye2024llm_uq,
  title = {Benchmarking Llms via Uncertainty Quantification},
  author = {Ye, Fanghua and MingMing, Yang and Pang, Jianhui and Wang, Longyue and Wong, Derek F and Emine, Yilmaz and Shi, Shuming and Tu, Zhaopeng},
  date = {2024},
  year = {2024},
  eprint = {2401.12794},
  journal = {arXiv}
}


@inproceedings{varshney-etal-2022-investigating,
  title = {Investigating Selective Prediction Approaches across Several Tasks in {{IID}}, {{OOD}}, and Adversarial Settings},
  booktitle = {Findings of the Association for Computational Linguistics: {{ACL}} 2022},
  author = {Varshney, Neeraj and Mishra, Swaroop and Baral, Chitta},
  editor = {Muresan, Smaranda and Nakov, Preslav and Villavicencio, Aline},
  date = {2022-05},
  year = {2022},
  pages = {1995--2002},
  publisher = {Association for Computational Linguistics},
  location = {Dublin, Ireland},
  doi = {10.18653/v1/2022.findings-acl.158},
  url = {https://aclanthology.org/2022.findings-acl.158},
}



@online{kadavathLanguageModelsMostly2022,
  title = {Language {{Models}} ({{Mostly}}) {{Know What They Know}}},
  author = {Kadavath, Saurav and Conerly, Tom and Askell, Amanda and Henighan, Tom and Drain, Dawn and Perez, Ethan and Schiefer, Nicholas and Hatfield-Dodds, Zac and DasSarma, Nova and Tran-Johnson, Eli and Johnston, Scott and El-Showk, Sheer and Jones, Andy and Elhage, Nelson and Hume, Tristan and Chen, Anna and Bai, Yuntao and Bowman, Sam and Fort, Stanislav and Ganguli, Deep and Hernandez, Danny and Jacobson, Josh and Kernion, Jackson and Kravec, Shauna and Lovitt, Liane and Ndousse, Kamal and Olsson, Catherine and Ringer, Sam and Amodei, Dario and Brown, Tom and Clark, Jack and Joseph, Nicholas and Mann, Ben and McCandlish, Sam and Olah, Chris and Kaplan, Jared},
  date = {2022-07-11},
  yeart = {2022},
  url = {https://arxiv.org/abs/2207.05221v4},
  urldate = {2024-10-06},
  langid = {english},
  organization = {arXiv.org},
}

@article{farquharDetectingHallucinationsLarge2024,
  title = {Detecting Hallucinations in Large Language Models Using Semantic Entropy},
  author = {Farquhar, Sebastian and Kossen, Jannik and Kuhn, Lorenz and Gal, Yarin},
  date = {2024-06},
  year = {2024},
  journal = {Nature},
  volume = {630},
  number = {8017},
  pages = {625--630},
  publisher = {Nature Publishing Group},
  issn = {1476-4687},
  doi = {10.1038/s41586-024-07421-0},
  url = {https://www.nature.com/articles/s41586-024-07421-0},
  urldate = {2024-10-06},
  langid = {english},
  keywords = {Computer science,Information technology},
}



@inproceedings{renSelfEvaluationImprovesSelective2023,
  title = {Self-{{Evaluation Improves Selective Generation}} in {{Large Language Models}}},
  booktitle = {Proceedings of Machine Learning Research },
  author = {Ren, Jie and Zhao, Yao and Vu, Tu and Liu, Peter J. and Lakshminarayanan, Balaji},
  date = {2023-04-24},
  year = {2023},
  pages = {49--64},
  publisher = {PMLR},
  issn = {2640-3498},
  url = {https://proceedings.mlr.press/v239/ren23a.html},
  urldate = {2024-10-06},
  eventtitle = {Proceedings of Machine Learning Research },
  langid = {english},
}


@article{loftusUncertaintyawareDeepLearning2022a,
  title = {Uncertainty-Aware Deep Learning in Healthcare: {{A}} Scoping Review},
  shorttitle = {Uncertainty-Aware Deep Learning in Healthcare},
  author = {Loftus, Tyler J. and Shickel, Benjamin and Ruppert, Matthew M. and Balch, Jeremy A. and Ozrazgat-Baslanti, Tezcan and Tighe, Patrick J. and Efron, Philip A. and Hogan, William R. and Rashidi, Parisa and Jr, Gilbert R. Upchurch and Bihorac, Azra},
  date = {2022-08-10},
  year = {2022},
  journal = {PLOS Digital Health},
  shortjournal = {PLOS Digital Health},
  volume = {1},
  number = {8},
  pages = {e0000085},
  publisher = {Public Library of Science},
  issn = {2767-3170},
  doi = {10.1371/journal.pdig.0000085},
  url = {https://journals.plos.org/digitalhealth/article?id=10.1371/journal.pdig.0000085},
  urldate = {2024-10-06},
  langid = {english},
  keywords = {Deep learning,Digital video imaging microscopy,Functional magnetic resonance imaging,Imaging techniques,Neural networks,Pulmonary imaging,Recurrent neural networks,Ultrasound imaging},
}

@article{chuaTacklingPredictionUncertainty2023,
  title = {Tackling Prediction Uncertainty in Machine Learning for Healthcare},
  author = {Chua, Michelle and Kim, Doyun and Choi, Jongmun and Lee, Nahyoung G. and Deshpande, Vikram and Schwab, Joseph and Lev, Michael H. and Gonzalez, Ramon G. and Gee, Michael S. and Do, Synho},
  date = {2023-06},
  year = {2023},
  journal = {Nature Biomedical Engineering},
  shortjournal = {Nat. Biomed. Eng},
  volume = {7},
  number = {6},
  pages = {711--718},
  publisher = {Nature Publishing Group},
  issn = {2157-846X},
  doi = {10.1038/s41551-022-00988-x},
  url = {https://www.nature.com/articles/s41551-022-00988-x},
  urldate = {2024-10-06},
  langid = {english},
  keywords = {Biomedical engineering,Education,Health care,Technology,Translational research},
}

@article{kompaSecondOpinionNeeded2021,
  title = {Second Opinion Needed: Communicating Uncertainty in Medical Machine Learning},
  shorttitle = {Second Opinion Needed},
  author = {Kompa, Benjamin and Snoek, Jasper and Beam, Andrew L.},
  date = {2021-01-05},
  year = {2021},
  journal = {npj Digital Medicine},
  shortjournal = {npj Digit. Med.},
  volume = {4},
  number = {1},
  pages = {1--6},
  publisher = {Nature Publishing Group},
  issn = {2398-6352},
  doi = {10.1038/s41746-020-00367-3},
  url = {https://www.nature.com/articles/s41746-020-00367-3},
  urldate = {2024-10-06},
  langid = {english},
  keywords = {Health care,Medical research},
}

@inproceedings{dusenberryAnalyzingRoleModel2020,
  title = {Analyzing the Role of Model Uncertainty for Electronic Health Records},
  booktitle = {Proceedings of the {{ACM Conference}} on {{Health}}, {{Inference}}, and {{Learning}}},
  author = {Dusenberry, Michael W. and Tran, Dustin and Choi, Edward and Kemp, Jonas and Nixon, Jeremy and Jerfel, Ghassen and Heller, Katherine and Dai, Andrew M.},
  date = {2020-04-02},
  year = {2020},
  series = {{{CHIL}} '20},
  pages = {204--213},
  publisher = {Association for Computing Machinery},
  location = {New York, NY, USA},
  doi = {10.1145/3368555.3384457},
  url = {https://dl.acm.org/doi/10.1145/3368555.3384457},
  urldate = {2024-10-06},
  isbn = {978-1-4503-7046-2},
}


@article{jiangHealthSystemscaleLanguage2023,
  title = {Health System-Scale Language Models Are All-Purpose Prediction Engines},
  author = {Jiang, Lavender Yao and Liu, Xujin Chris and Nejatian, Nima Pour and Nasir-Moin, Mustafa and Wang, Duo and Abidin, Anas and Eaton, Kevin and Riina, Howard Antony and Laufer, Ilya and Punjabi, Paawan and Miceli, Madeline and Kim, Nora C. and Orillac, Cordelia and Schnurman, Zane and Livia, Christopher and Weiss, Hannah and Kurland, David and Neifert, Sean and Dastagirzada, Yosef and Kondziolka, Douglas and Cheung, Alexander T. M. and Yang, Grace and Cao, Ming and Flores, Mona and Costa, Anthony B. and Aphinyanaphongs, Yindalon and Cho, Kyunghyun and Oermann, Eric Karl},
  date = {2023-07},
  year = {2023},
  journal = {Nature},
  volume = {619},
  number = {7969},
  pages = {357--362},
  publisher = {Nature Publishing Group},
  issn = {1476-4687},
  doi = {10.1038/s41586-023-06160-y},
  url = {https://www.nature.com/articles/s41586-023-06160-y},
  urldate = {2024-10-06},
  langid = {english},
  keywords = {Computational science,Translational research},
}

@article{lievinCanLargeLanguage2024a,
  title = {Can Large Language Models Reason about Medical Questions?},
  author = {Liévin, Valentin and Hother, Christoffer Egeberg and Motzfeldt, Andreas Geert and Winther, Ole},
  date = {2024-03-08},
  year = {2024},
  journal = {Patterns},
  shortjournal = {PATTER},
  volume = {5},
  number = {3},
  publisher = {Elsevier},
  issn = {2666-3899},
  doi = {10.1016/j.patter.2024.100943},
  url = {https://www.cell.com/patterns/abstract/S2666-3899(24)00042-4},
  urldate = {2024-10-06},
  langid = {english},
  keywords = {GPT-3.5,large language models,Llama 2,machine learning,medical,MedQA,open source,prompt engineering,question answering,uncertainty quantification},
}

@article{singhalLargeLanguageModels2023,
  title = {Large Language Models Encode Clinical Knowledge},
  author = {Singhal, Karan and Azizi, Shekoofeh and Tu, Tao and Mahdavi, S. Sara and Wei, Jason and Chung, Hyung Won and Scales, Nathan and Tanwani, Ajay and Cole-Lewis, Heather and Pfohl, Stephen and Payne, Perry and Seneviratne, Martin and Gamble, Paul and Kelly, Chris and Babiker, Abubakr and Schärli, Nathanael and Chowdhery, Aakanksha and Mansfield, Philip and Demner-Fushman, Dina and Agüera y Arcas, Blaise and Webster, Dale and Corrado, Greg S. and Matias, Yossi and Chou, Katherine and Gottweis, Juraj and Tomasev, Nenad and Liu, Yun and Rajkomar, Alvin and Barral, Joelle and Semturs, Christopher and Karthikesalingam, Alan and Natarajan, Vivek},
  date = {2023-08},
  year = {2023},
  journal = {Nature},
  volume = {620},
  number = {7972},
  pages = {172--180},
  publisher = {Nature Publishing Group},
  issn = {1476-4687},
  doi = {10.1038/s41586-023-06291-2},
  url = {https://www.nature.com/articles/s41586-023-06291-2},
  urldate = {2024-10-06},
  langid = {english},
  keywords = {Health care,Medical research},
}



@online{omarBenchmarkingConfidenceLarge2024,
  title = {Benchmarking the {{Confidence}} of {{Large Language Models}} in {{Clinical Questions}}},
  author = {Omar, Mahmud and Agbareia, Reem and Glicksberg, Benjamin S. and Nadkarni, Girish N. and Klang, Eyal},
  date = {2024-09-10},
  eprinttype = {medRxiv},
  pages = {2024.08.11.24311810},
  doi = {10.1101/2024.08.11.24311810},
  url = {https://www.medrxiv.org/content/10.1101/2024.08.11.24311810v2},
  urldate = {2024-10-06},
  langid = {english},
  pubstate = {prepublished},
}

@online{savageLargeLanguageModel2024,
  title = {Large {{Language Model Uncertainty Measurement}} and {{Calibration}} for {{Medical Diagnosis}} and {{Treatment}}},
  author = {Savage, Thomas and Wang, John and Gallo, Robert and Boukil, Abdessalem and Patel, Vishwesh and Safavi-Naini, Seyed Amir Ahmad and Soroush, Ali and Chen, Jonathan H.},
  date = {2024-06-10},
  eprinttype = {medRxiv},
  pages = {2024.06.06.24308399},
  doi = {10.1101/2024.06.06.24308399},
  url = {https://www.medrxiv.org/content/10.1101/2024.06.06.24308399v2},
  urldate = {2024-10-06},
  langid = {english},
  pubstate = {prepublished},
}

@online{wuUncertaintyEstimationLarge2024,
  title = {Uncertainty {{Estimation}} of {{Large Language Models}} in {{Medical Question Answering}}},
  author = {Wu, Jiaxin and Yu, Yizhou and Zhou, Hong-Yu},
  date = {2024-07-11},
  url = {https://arxiv.org/abs/2407.08662v1},
  urldate = {2024-10-06},
  langid = {english},
  organization = {arXiv.org},
}



@article{adler-milsteinNextGenerationArtificialIntelligence2021,
  title = {Next-{{Generation Artificial Intelligence}} for {{Diagnosis}}: {{From Predicting Diagnostic Labels}} to “{{Wayfinding}}”},
  shorttitle = {Next-{{Generation Artificial Intelligence}} for {{Diagnosis}}},
  author = {Adler-Milstein, Julia and Chen, Jonathan H. and Dhaliwal, Gurpreet},
  date = {2021-12-28},
  year = {2021},
  journal = {JAMA},
  shortjournal = {JAMA},
  volume = {326},
  number = {24},
  pages = {2467--2468},
  issn = {0098-7484},
  doi = {10.1001/jama.2021.22396},
  url = {https://doi.org/10.1001/jama.2021.22396},
  urldate = {2024-10-06},

}

@online{babakovScalabilityBayesianNetwork2024,
  title = {Scalability of {{Bayesian Network Structure Elicitation}} with {{Large Language Models}}: A {{Novel Methodology}} and {{Comparative Analysis}}},
  shorttitle = {Scalability of {{Bayesian Network Structure Elicitation}} with {{Large Language Models}}},
  author = {Babakov, Nikolay and Reiter, Ehud and Bugarin, Alberto},
  date = {2024-07-12},
  eprint = {2407.09311},
  eprinttype = {arXiv},
  eprintclass = {cs},
  doi = {10.48550/arXiv.2407.09311},
  url = {http://arxiv.org/abs/2407.09311},
  urldate = {2024-10-06},
  pubstate = {prepublished},
  keywords = {Computer Science - Computation and Language},
}

@online{fengBIRDTrustworthyBayesian2024,
  title = {{{BIRD}}: {{A Trustworthy Bayesian Inference Framework}} for {{Large Language Models}}},
  shorttitle = {{{BIRD}}},
  author = {Feng, Yu and Zhou, Ben and Lin, Weidong and Roth, Dan},
  date = {2024-04-18},
  year = {2024},
  eprint = {2404.12494},
  eprinttype = {arXiv},
  eprintclass = {cs},
  doi = {10.48550/arXiv.2404.12494},
  url = {http://arxiv.org/abs/2404.12494},
  urldate = {2024-10-06},
  pubstate = {prepublished},
  keywords = {Computer Science - Computation and Language},
}

@online{nafarProbabilisticReasoningGenerative2024,
  title = {Probabilistic {{Reasoning}} in {{Generative Large Language Models}}},
  author = {Nafar, Aliakbar and Venable, Kristen Brent and Kordjamshidi, Parisa},
  date = {2024-06-17},
  year = {2024},
  eprint = {2402.09614},
  eprinttype = {arXiv},
  eprintclass = {cs},
  doi = {10.48550/arXiv.2402.09614},
  url = {http://arxiv.org/abs/2402.09614},
  urldate = {2024-10-06},
  pubstate = {prepublished},
  keywords = {Computer Science - Artificial Intelligence,Computer Science - Computation and Language,I.2.7},
}

@online{paruchuriWhatAreOdds2024,
  title = {What {{Are}} the {{Odds}}? {{Language Models Are Capable}} of {{Probabilistic Reasoning}}},
  shorttitle = {What {{Are}} the {{Odds}}?},
  author = {Paruchuri, Akshay and Garrison, Jake and Liao, Shun and Hernandez, John and Sunshine, Jacob and Althoff, Tim and Liu, Xin and McDuff, Daniel},
  date = {2024-09-30},
  year = {2024},
  eprint = {2406.12830},
  eprinttype = {arXiv},
  eprintclass = {cs},
  doi = {10.48550/arXiv.2406.12830},
  url = {http://arxiv.org/abs/2406.12830},
  urldate = {2024-10-06},
  pubstate = {prepublished},
  keywords = {Computer Science - Computation and Language},
}

@online{wongWordModelsWorld2023,
  title = {From {{Word Models}} to {{World Models}}: {{Translating}} from {{Natural Language}} to the {{Probabilistic Language}} of {{Thought}}},
  shorttitle = {From {{Word Models}} to {{World Models}}},
  author = {Wong, Lionel and Grand, Gabriel and Lew, Alexander K. and Goodman, Noah D. and Mansinghka, Vikash K. and Andreas, Jacob and Tenenbaum, Joshua B.},
  date = {2023-06-22},
  year = {2023},
  url = {https://arxiv.org/abs/2306.12672v2},
  urldate = {2024-10-06},
  langid = {english},
  organization = {arXiv.org},
}


@inproceedings{yao2023react,
  title = {{ReAct}: Synergizing Reasoning and Acting in Language Models},
  author = {Yao, Shunyu and Zhao, Jeffrey and Yu, Dian and Du, Nan and Shafran, Izhak and Narasimhan, Karthik and Cao, Yuan},
  booktitle = {International Conference on Learning Representations (ICLR) },
  year = {2023},
  html = {https://arxiv.org/abs/2210.03629},
}


@online{huangVerbalizedProbabilisticGraphical2024,
  title = {Verbalized {{Probabilistic Graphical Modeling}} with {{Large Language Models}}},
  author = {Huang, Hengguan and Shen, Xing and Wang, Songtao and Liu, Dianbo and Wang, Hao},
  date = {2024-06-08},
  year = {2024},
  eprint = {2406.05516},
  eprinttype = {arXiv},
  eprintclass = {cs},
  doi = {10.48550/arXiv.2406.05516},
  url = {http://arxiv.org/abs/2406.05516},
  urldate = {2024-10-07},
  pubstate = {prepublished},
  keywords = {Computer Science - Artificial Intelligence,Computer Science - Computation and Language,Computer Science - Machine Learning},
}



@article{rodmanArtificialIntelligenceVs2023,
  title = {Artificial {{Intelligence}} vs {{Clinician Performance}} in {{Estimating Probabilities}} of {{Diagnoses Before}} and {{After Testing}}},
  author = {Rodman, Adam and Buckley, Thomas A. and Manrai, Arjun K. and Morgan, Daniel J.},
  date = {2023-12-11},
  year = {2023},  
  journal = {JAMA Network Open},
  shortjournal = {JAMA Network Open},
  volume = {6},
  number = {12},
  pages = {e2347075},
  issn = {2574-3805},
  doi = {10.1001/jamanetworkopen.2023.47075},
  url = {https://doi.org/10.1001/jamanetworkopen.2023.47075},
  urldate = {2024-10-07},
}

@article{savageDiagnosticReasoningPrompts2024,
  title = {Diagnostic Reasoning Prompts Reveal the Potential for Large Language Model Interpretability in Medicine},
  author = {Savage, Thomas and Nayak, Ashwin and Gallo, Robert and Rangan, Ekanath and Chen, Jonathan H.},
  date = {2024-01-24},
  year = {2024},  
  journal = {npj Digital Medicine},
  shortjournal = {npj Digit. Med.},
  volume = {7},
  number = {1},
  pages = {1--7},
  publisher = {Nature Publishing Group},
  issn = {2398-6352},
  doi = {10.1038/s41746-024-01010-1},
  url = {https://www.nature.com/articles/s41746-024-01010-1},
  urldate = {2024-10-07},
  langid = {english},
  keywords = {Diagnosis,Preclinical research},
}

@online{hanUncertaintyAwareLanguageAgent2024,
  title = {Towards {{Uncertainty-Aware Language Agent}}},
  author = {Han, Jiuzhou and Buntine, Wray and Shareghi, Ehsan},
  date = {2024-05-30},
  year = {2024},
  eprint = {2401.14016},
  eprinttype = {arXiv},
  eprintclass = {cs},
  doi = {10.48550/arXiv.2401.14016},
  url = {http://arxiv.org/abs/2401.14016},
  urldate = {2024-10-07},
  pubstate = {prepublished},
  keywords = {Computer Science - Computation and Language},
}

@online{liuDeLLMaFrameworkDecision2024,
  title = {{{DeLLMa}}: {{A Framework}} for {{Decision Making Under Uncertainty}} with {{Large Language Models}}},
  shorttitle = {{{DeLLMa}}},
  author = {Liu, Ollie and Fu, Deqing and Yogatama, Dani and Neiswanger, Willie},
  date = {2024-06-09},
  year = {2024},
  eprint = {2402.02392},
  eprinttype = {arXiv},
  eprintclass = {cs},
  doi = {10.48550/arXiv.2402.02392},
  url = {http://arxiv.org/abs/2402.02392},
  urldate = {2024-10-07},
  pubstate = {prepublished},
  keywords = {Computer Science - Artificial Intelligence,Computer Science - Computation and Language,Computer Science - Machine Learning},
}


@article{hagerEvaluationMitigationLimitations2024,
  title = {Evaluation and Mitigation of the Limitations of Large Language Models in Clinical Decision-Making},
  author = {Hager, Paul and Jungmann, Friederike and Holland, Robbie and Bhagat, Kunal and Hubrecht, Inga and Knauer, Manuel and Vielhauer, Jakob and Makowski, Marcus and Braren, Rickmer and Kaissis, Georgios and Rueckert, Daniel},
  date = {2024-09},
  year = {2024},
  journal = {Nature Medicine},
  shortjournal = {Nat Med},
  volume = {30},
  number = {9},
  pages = {2613--2622},
  publisher = {Nature Publishing Group},
  issn = {1546-170X},
  doi = {10.1038/s41591-024-03097-1},
  url = {https://www.nature.com/articles/s41591-024-03097-1},
  urldate = {2024-10-07},
  langid = {english},
  keywords = {Diagnosis,Health care economics,Translational research},
}


@inproceedings{xin-etal-2021-art,
    title = "The Art of Abstention: Selective Prediction and Error Regularization for Natural Language Processing",
    author = "Xin, Ji  and
      Tang, Raphael  and
      Yu, Yaoliang  and
      Lin, Jimmy",
    editor = "Zong, Chengqing  and
      Xia, Fei  and
      Li, Wenjie  and
      Navigli, Roberto",
    booktitle = "Proceedings of the 59th Annual Meeting of the Association for Computational Linguistics and the 11th International Joint Conference on Natural Language Processing (Volume 1: Long Papers)",
    month = aug,
    year = "2021",
    address = "Online",
    publisher = "Association for Computational Linguistics",
    url = "https://aclanthology.org/2021.acl-long.84",
    doi = "10.18653/v1/2021.acl-long.84",
    pages = "1040--1051",
}
